@article{Hemingway1952,
    title        = {The Old Man and the Sea},
    author       = {Hemingway, Ernest},
    year         = 1952,
    publisher    = {Charles Scribner's Sons}
}
@misc{farhi2000quantum,
      title={Quantum Computation by Adiabatic Evolution}, 
      author={Edward Farhi and Jeffrey Goldstone and Sam Gutmann and Michael Sipser},
      year={2000},
      eprint={quant-ph/0001106},
      archivePrefix={arXiv},
      primaryClass={quant-ph}
}
@misc{farhi2014quantum,
      title={A Quantum Approximate Optimization Algorithm}, 
      author={Edward Farhi and Jeffrey Goldstone and Sam Gutmann},
      year={2014},
      eprint={1411.4028},
      archivePrefix={arXiv},
      primaryClass={quant-ph}
}
